%% This BibTeX bibliography file was created using BibDesk.
%% http://bibdesk.sourceforge.net/


%% Created for Ghislain Fourny at 2014-10-02 12:37:01 +0200 


%% Saved with string encoding Unicode (UTF-8) 



@article{Lakshman2010,
	Acmid = {1773922},
	Address = {New York, NY, USA},
	Author = {Lakshman, Avinash and Malik, Prashant},
	Date-Added = {2014-10-02 10:36:54 +0000},
	Date-Modified = {2014-10-02 10:37:00 +0000},
	Doi = {10.1145/1773912.1773922},
	Issn = {0163-5980},
	Issue_Date = {April 2010},
	Journal = {SIGOPS Oper. Syst. Rev.},
	Month = apr,
	Number = {2},
	Numpages = {6},
	Pages = {35--40},
	Publisher = {ACM},
	Title = {Cassandra: A Decentralized Structured Storage System},
	Url = {http://doi.acm.org/10.1145/1773912.1773922},
	Volume = {44},
	Year = {2010},
	Bdsk-Url-1 = {http://doi.acm.org/10.1145/1773912.1773922},
	Bdsk-Url-2 = {http://dx.doi.org/10.1145/1773912.1773922}}

@article{Chang2008,
	Acmid = {1365816},
	Address = {New York, NY, USA},
	Articleno = {4},
	Author = {Chang, Fay and Dean, Jeffrey and Ghemawat, Sanjay and Hsieh, Wilson C. and Wallach, Deborah A. and Burrows, Mike and Chandra, Tushar and Fikes, Andrew and Gruber, Robert E.},
	Date-Added = {2014-10-02 10:34:55 +0000},
	Date-Modified = {2014-10-02 10:35:04 +0000},
	Doi = {10.1145/1365815.1365816},
	Issn = {0734-2071},
	Issue_Date = {June 2008},
	Journal = {ACM Trans. Comput. Syst.},
	Keywords = {Large-Scale Distributed Storage},
	Month = jun,
	Number = {2},
	Numpages = {26},
	Pages = {4:1--4:26},
	Publisher = {ACM},
	Title = {Bigtable: A Distributed Storage System for Structured Data},
	Url = {http://doi.acm.org/10.1145/1365815.1365816},
	Volume = {26},
	Year = {2008},
	Bdsk-Url-1 = {http://doi.acm.org/10.1145/1365815.1365816},
	Bdsk-Url-2 = {http://dx.doi.org/10.1145/1365815.1365816}}

@article{Mattessich1961,
	Author = {Mattessich, Richard},
	Copyright = {Copyright {\copyright} 1961 American Accounting Association},
	Date-Added = {2014-10-02 10:32:33 +0000},
	Date-Modified = {2014-10-02 10:32:39 +0000},
	Issn = {00014826},
	Journal = {The Accounting Review},
	Jstor_Articletype = {research-article},
	Jstor_Formatteddate = {Jul., 1961},
	Language = {English},
	Number = {3},
	Pages = {pp. 384-397},
	Publisher = {American Accounting Association},
	Title = {Budgeting Models and System Simulation},
	Url = {http://www.jstor.org/stable/242869},
	Volume = {36},
	Year = {1961},
	Bdsk-Url-1 = {http://www.jstor.org/stable/242869}}

@article{Mattessich1958,
	Author = {Mattessich, Richard},
	Copyright = {Copyright {\copyright} 1958 American Accounting Association},
	Date-Added = {2014-10-02 10:32:16 +0000},
	Date-Modified = {2014-10-02 10:32:43 +0000},
	Issn = {00014826},
	Journal = {The Accounting Review},
	Jstor_Articletype = {research-article},
	Jstor_Formatteddate = {Jul., 1958},
	Language = {English},
	Number = {3},
	Pages = {pp. 472-481},
	Publisher = {American Accounting Association},
	Title = {Mathematical Models in Business Accounting},
	Url = {http://www.jstor.org/stable/241190},
	Volume = {33},
	Year = {1958},
	Bdsk-Url-1 = {http://www.jstor.org/stable/241190}}

@article{Astrahan1976,
	Acmid = {320457},
	Address = {New York, NY, USA},
	Author = {Astrahan, M. M. and Blasgen, M. W. and Chamberlin, D. D. and Eswaran, K. P. and Gray, J. N. and Griffiths, P. P. and King, W. F. and Lorie, R. A. and McJones, P. R. and Mehl, J. W. and Putzolu, G. R. and Traiger, I. L. and Wade, B. W. and Watson, V.},
	Date-Added = {2014-10-02 10:24:32 +0000},
	Date-Modified = {2014-10-02 10:24:40 +0000},
	Doi = {10.1145/320455.320457},
	Issn = {0362-5915},
	Issue_Date = {June 1976},
	Journal = {ACM Trans. Database Syst.},
	Keywords = {authorization, data structures, database, index structures, locking, nonprocedural language, recovery, relational model},
	Month = jun,
	Number = {2},
	Numpages = {41},
	Pages = {97--137},
	Publisher = {ACM},
	Title = {System R: Relational Approach to Database Management},
	Url = {http://doi.acm.org/10.1145/320455.320457},
	Volume = {1},
	Year = {1976},
	Bdsk-Url-1 = {http://doi.acm.org/10.1145/320455.320457},
	Bdsk-Url-2 = {http://dx.doi.org/10.1145/320455.320457}}

@article{Codd1970,
	Acmid = {362685},
	Address = {New York, NY, USA},
	Author = {Codd, E. F.},
	Date-Added = {2014-10-02 10:21:24 +0000},
	Date-Modified = {2014-10-02 10:22:42 +0000},
	Doi = {10.1145/362384.362685},
	Issn = {0001-0782},
	Issue_Date = {June 1970},
	Journal = {Commun. ACM},
	Keywords = {composition, consistency, data bank, data base, data integrity, data organization, data structure, derivability, hierarchies of data, join, networks of data, predicate calculus, redundancy, relations, retrieval language, security},
	Month = jun,
	Number = {6},
	Numpages = {11},
	Pages = {377--387},
	Publisher = {ACM},
	Title = {A Relational Model of Data for Large Shared Data Banks},
	Url = {http://doi.acm.org/10.1145/362384.362685},
	Volume = {13},
	Year = {1970},
	Bdsk-Url-1 = {http://doi.acm.org/10.1145/362384.362685},
	Bdsk-Url-2 = {http://dx.doi.org/10.1145/362384.362685}}
